<?xml version="1.0" encoding="UTF-8"?><collection><record><leader>10776ntm a2200769 a 4500</leader><controlfield tag="001">006814500</controlfield><controlfield tag="003">MiAaHDL</controlfield><controlfield tag="005">20190719000000.0</controlfield><controlfield tag="006">m        d        </controlfield><controlfield tag="007">cr bn ---auaua</controlfield><controlfield tag="008">090609s1562    xx            00| ||per d</controlfield><datafield tag="035" ind1=" " ind2=" "><subfield code="a">(MiU)006814500</subfield></datafield><datafield tag="035" ind1=" " ind2=" "><subfield code="a">sdr-miu006814500</subfield></datafield><datafield tag="040" ind1=" " ind2=" "><subfield code="a">MiU</subfield><subfield code="c">MiU</subfield><subfield code="e">amremm</subfield></datafield><datafield tag="043" ind1=" " ind2=" "><subfield code="a">n-us-mi</subfield></datafield><datafield tag="100" ind1="0" ind2=" "><subfield code="6">880-01</subfield><subfield code="a">Jāmī,</subfield><subfield code="d">1414-1492.</subfield></datafield><datafield tag="245" ind1="1" ind2="0"><subfield code="6">880-03</subfield><subfield code="a">[Haft Awrang,</subfield><subfield code="f">969, i.e. 1562].</subfield></datafield><datafield tag="246" ind1="3" ind2=" "><subfield code="i">Edge title (tail):</subfield><subfield code="a">هفت اورنگ جامی</subfield></datafield><datafield tag="260" ind1=" " ind2=" "><subfield code="c">[1562].</subfield></datafield><datafield tag="300" ind1=" " ind2=" "><subfield code="a">405 leaves :</subfield><subfield code="b">paper ;</subfield><subfield code="c">230 x 130 (140 x 48, 190 x 82) mm. bound to 233 x 135 mm.</subfield></datafield><datafield tag="500" ind1=" " ind2=" "><subfield code="a">Shelfmark: Ann Arbor, University of Michigan, Special Collections Library, Isl. Ms. 326</subfield></datafield><datafield tag="500" ind1=" " ind2=" "><subfield code="a">Origin: As appears in colophons on p.143, 198 and 237, daftars of Silsilat al-ẕahab copied by Ghāzī Qulī Arghūn with transcription completed in Sunbul [?] (بلدۀ سنبل) on the 2nd, 21st and 30th of Shawwāl 969 [ca. 5th June, 24th June, 3rd July 1562]. This copyist may have also executed the final mas̲navī (Khiradnāmah-i Iskandarī). As appears in colophons on p.296 and 605, Tuḥfat al-Aḥrār and Yūsuf va Zulaykhā copied by Abū Aḥmad ibn ʻAbd Allāh al-Qāḍī al-Farāhī with transcription of Tuḥfat al-Aḥrār completed 14 Ramaḍān 969 [ca. 18 May 1562] and transcription of Yūsuf va Zulaykhā completed 7 Rabīʻ I 970 [?] [ca. 4 November 1562]. Much of the decoration in the sections executed by these two copyists is similar and was perhaps accomplished by the same craftsman. Transcription of other mas̲navīs likely completed around the same time, though possibly by still a different copyist.</subfield></datafield><datafield tag="500" ind1=" " ind2=" "><subfield code="a">Former shelfmark: "152 T. De M. [i.e. Tammaro De Marinis]" inscribed in pencil on verso of front flyleaf.</subfield></datafield><datafield tag="500" ind1=" " ind2=" "><subfield code="a">Binding: Pasteboards covered in painted lacquerwork with dark brown (to black) leather over spine ; Type III binding (without flap), two piece binding (seam of overlapping flanges visible at spine) ; doublures fine painted lacquerwork with paintings of a tall narcissus-like plant with leaves in shades of green and flowers and buds in yellow with pink accents at the head of a central stalk, flanked by leaves and smaller pink flowers, all on a red ground with border in black with gold accents (composition of upper doublure mirrors that of lower doublure) ; upper and lower covers carry paintings of nearly identical composition in mirror image to one another on an emerald green background, namely a central cluster of peonies, poppies, tulips, roses, irises, etc. with additional buds and floral forms filling the main panel all in shades of pink, light blue, lavender, yellow and white with leaves in various shades of green, and surrounded by a border of floral motifs in shades of blue, red and white on a red ground defined by bands of black with repeating vegetal patterns in bronze-gold ; sewn in blue thread, two stations ; worked chevron endbands in blue and magenta, good condition (partially protected by tabs of extended spine leather) ; overall in fair condition with some cracking and chipping of lacquer, minor delamination at board corners, abrasion of spine leather, etc. ; likely not original to codex ; housed in box for protection.</subfield></datafield><datafield tag="500" ind1=" " ind2=" "><subfield code="a">Support: non-European (likely Persian) laid paper of at least two main types ; one type (at the opening and close of the transcript) with roughly 8 laid lines per cm. (horizontal or vertical, somewhat indistinct) and no chain lines plainly visible, thin and transluscent, dark cream in color, well-burnished ; another type with roughly 9 laid lines per cm. (mainly vertical, quite indistinct) and no chain lines plainly visible, dense and sturdy (much thicker than the other type and far less transluscent), dark cream in color, well-burnished ; added leaves at opening and close of codex in Wove paper with grayish hue ; endpapers in European laid paper (three hats, i.e. top hats with feathers, watermark visible in back flyleaf, "A" visible in front flyleaf, compare Eineder no.708), surface dyed a yellow-orange and gold or silver-flecked.</subfield></datafield><datafield tag="500" ind1=" " ind2=" "><subfield code="a">Decoration: Elegant illuminated headpiece (ʻunwān / sarlawḥ) appears at opening of each section (each mas̲navī and daftars of Silsilat al-ẕahab, pp.146, 200, 240, 398, 480, 608, 732) mainly consisting of rectangular pieces with floral vegetal compositions (in lapis, gold, turquoise, pink, lavender, and white with some interlace and white banding with black crosses) but varying widely ; further illuminated decorations (typically with floral vegetal motifs) appear in the ruled margins. headings typically rubricated or chrysographed but occasionally in blue ; written area throughout (and divisions within, including ruled margins) surrounded by gold frame defined by black fillets with outermost blue (and through p.478 additional red) rule.</subfield></datafield><datafield tag="500" ind1=" " ind2=" "><subfield code="a">Script: Nastaʻlīq ; at least three main hands ; hands of the two copyists are quite similar, each in an elegant, medium line, characteristically serifless with gentle effect of words descending to baseline, elongation and contrasting thickness of horizontal strokes, pointing in distinct dots ; a third central hand (see pp.298-478) is more delicate, in a narrower line, less compact with even greater effect of elongation.</subfield></datafield><datafield tag="500" ind1=" " ind2=" "><subfield code="a">Layout: Written in roughly 49 lines per page with 17 lines in central written area divided to two columns and 32 lines on the diagonal in the ruled margins ; frame-ruled (impression of ruling board evident).</subfield></datafield><datafield tag="500" ind1=" " ind2=" "><subfield code="a">Collation: i, IV +1 (9), IV-2 (15), 8 IV (79), III (85), 3 IV (109), IV + 2 (119), 3 IV (143), III-1 (148), III (154), 4 IV (186), III (192), 5 IV (232), III + 1 (239), III + 1 (246), 6 IV (294), IV + 1 (303), 5 IV (343), III (349), 2 IV (365), 2 II (373), 3 IV (397), IV-4+4 (405), i ; chiefly quaternions ; middle of the quire marks in the form of oblique strokes in black ink appear in the upper outer corner of the right-hand leaf and lower outer corner of the left-hand leaf ; catchwords present ; pagination in pencil, Western numerals, supplied during cataloguing.</subfield></datafield><datafield tag="500" ind1=" " ind2=" "><subfield code="a">Explicit: [Silsilat al-ẕahab] "باتمام رسید کتاب سلسله الذهب روز جمعه بتاریخ سلخ شهر شوال فی تسعه ستین تسعمایه کتبه غازی قلی ارغون تم تم" ; [Tuḥfat al-Aḥrār] "... اتمام انتظام این تحفه در ماه تسبیح وشهر تراویح رابع عشر رمضان المبارک سنه تسع وستین وتسعمایة بر دست ناسخ این نسخه کرامی احقر عباد الله ابو احمد ابن عبد الله القاضی سمت تحریر یافت ...""</subfield></datafield><datafield tag="500" ind1=" " ind2=" "><subfield code="a">Incipit: "سر تعریف آنکه بشتابی تا کمال شناخت دریابی ..."</subfield></datafield><datafield tag="500" ind1=" " ind2=" "><subfield code="a">Title supplied by cataloguer from edge title.</subfield></datafield><datafield tag="500" ind1=" " ind2=" "><subfield code="a">Ms. composite codex.</subfield></datafield><datafield tag="505" ind1="0" ind2=" "><subfield code="a">18. p.803-810 : [added leaves ruled but left blank].</subfield></datafield><datafield tag="505" ind1="0" ind2=" "><subfield code="a">17. p.732-p.802 : [Khiradnāmah-i Iskandarī].</subfield></datafield><datafield tag="505" ind1="0" ind2=" "><subfield code="a">16. p.731 : [blank apart from title statement].</subfield></datafield><datafield tag="505" ind1="0" ind2=" "><subfield code="a">15. p.608-p.730 : [Majnūn va Laylá].</subfield></datafield><datafield tag="505" ind1="0" ind2=" "><subfield code="a">14. p.606-607 : [blank apart from ownership statements and title statement].</subfield></datafield><datafield tag="505" ind1="0" ind2=" "><subfield code="a">13. p.480-p.605 : [Yūsuf va Zulaykhā].</subfield></datafield><datafield tag="505" ind1="0" ind2=" "><subfield code="a">12. p.479 : [blank except for title statement].</subfield></datafield><datafield tag="505" ind1="0" ind2=" "><subfield code="a">11. p.298-p.377 : [Salāmān va Absāl, on the margins].</subfield></datafield><datafield tag="505" ind1="0" ind2=" "><subfield code="a">10. p.298-p.478 : [Subḥat al-abrār].</subfield></datafield><datafield tag="505" ind1="0" ind2=" "><subfield code="a">9. p.297 : [blank apart from title statement].</subfield></datafield><datafield tag="505" ind1="0" ind2=" "><subfield code="a">8. p.240-p.296 : [Tuḥfat al-Aḥrār].</subfield></datafield><datafield tag="505" ind1="0" ind2=" "><subfield code="a">7. p.238-p.239 : [blank apart from title statement].</subfield></datafield><datafield tag="505" ind1="0" ind2=" "><subfield code="a">6. p.200-p.237 : [Silsilat al-ẕahab, daftar-i sivum].</subfield></datafield><datafield tag="505" ind1="0" ind2=" "><subfield code="a">5. p. 199 : [blank apart from title statement].</subfield></datafield><datafield tag="505" ind1="0" ind2=" "><subfield code="a">4. p.146-p.198 : [Silsilat al-ẕahab, daftar-i duvvum].</subfield></datafield><datafield tag="505" ind1="0" ind2=" "><subfield code="a">3. p.144-p.145 : [blank apart from ownership and title statements].</subfield></datafield><datafield tag="505" ind1="0" ind2=" "><subfield code="a">2. p.19-p.143 : [Silsilat al-ẕahab, daftar-i avval].</subfield></datafield><datafield tag="505" ind1="0" ind2=" "><subfield code="a">1. p.1-p.18 : [added leaves with excerpts on opening leaf, otherwise ruled but left blank].</subfield></datafield><datafield tag="510" ind1="4" ind2=" "><subfield code="a">Eineder, Georg. The ancient paper-mills of the former Austro-Hungarian Empire and their watermarks. Monumenta Chartae Papyraceae, vol. 8. Hilversum, Holland: Paper Publications Society, 1960.</subfield></datafield><datafield tag="510" ind1="4" ind2=" "><subfield code="a">Cat. Pers. MSS. Brit. Mus.,</subfield><subfield code="c">p. 644</subfield></datafield><datafield tag="520" ind1="8" ind2=" "><subfield code="a">Elegant (though acephalous and incomplete) copy of the seven mas̲navīs of Jāmī (d.1492) collected under the title Haft awrang. Text mainly continues from central written area into the ruled margins of each opening (in certain sections additional catchwords are visible). Descriptive contributions from Sarah Mirza.</subfield></datafield><datafield tag="538" ind1=" " ind2=" "><subfield code="a">Mode of access: Internet.</subfield></datafield><datafield tag="541" ind1=" " ind2=" "><subfield code="c">Purchase ;</subfield><subfield code="a">Acquired by purchase (funds donated by Horace Rackham).</subfield><subfield code="d">1924.</subfield></datafield><datafield tag="546" ind1=" " ind2=" "><subfield code="a">Persian.</subfield></datafield><datafield tag="561" ind1=" " ind2=" "><subfield code="a">On verso of front flyleaf, oval seal impression containing inscription "ان الله يحب المحسنين" ; an excerpt from another selection of poetry has been mounted in the opening of the added leaves (see pp.1-2) ; appearing at the close of virtually every mas̲navī (and daftars of Silsilat al-ẕahab) on pp.144, 198, 237, 296, 478, 606, and 730, an ownership statement in the name of Ḥasan ibn Ḥusayn al-Mūsavī [Mūsawī] (حسن بن حسین الموسوی) ; appearing on the 'title page' for every mas̲navī (and daftars of Silsilat al-ẕahab) on pp.145, 199, 239, 297, 479, 607, and 731, an added title / author statement one of which is dated 1261 [1845] ; on pp.606-607 ownership statements reading "مالک این کتاب محب علی محب علی مالک این کتاب" and "محب علی مالک این کتاب مالک این کتاب محب علی" ; effaced rectangular seal impression on several 'title pages' ; on p.803, partially effaced oval seal impression with "كريم ..." ; occasional glosses and marginal corrections.</subfield></datafield><datafield tag="650" ind1=" " ind2="0"><subfield code="a">Manuscripts, Persian</subfield><subfield code="z">Michigan</subfield><subfield code="z">Ann Arbor.</subfield></datafield><datafield tag="650" ind1=" " ind2="0"><subfield code="a">Masnavis, Persian</subfield><subfield code="v">Early works to 1800.</subfield></datafield><datafield tag="650" ind1=" " ind2="0"><subfield code="a">Persian poetry</subfield><subfield code="y">747-1500.</subfield></datafield><datafield tag="655" ind1=" " ind2="7"><subfield code="a">Headpieces (layout features)</subfield><subfield code="y">16th century.</subfield><subfield code="2">aat</subfield></datafield><datafield tag="700" ind1="0" ind2=" "><subfield code="a">Abdülhamid</subfield><subfield code="b">II,</subfield><subfield code="c">Sultan of the Turks,</subfield><subfield code="d">1842-1918,</subfield><subfield code="e">former owner.</subfield></datafield><datafield tag="700" ind1="0" ind2=" "><subfield code="6">880-06</subfield><subfield code="a">Abū Aḥmad ibn ʻAbd Allāh al-Farāhī,</subfield><subfield code="d">fl. 1562,</subfield><subfield code="e">scribe.</subfield></datafield><datafield tag="700" ind1="0" ind2=" "><subfield code="6">880-05</subfield><subfield code="a">Ghāzī Qulī Arghūn,</subfield><subfield code="d">fl. 1562,</subfield><subfield code="e">scribe.</subfield></datafield><datafield tag="773" ind1="0" ind2=" "><subfield code="a">Abdul Hamid Collection.</subfield></datafield><datafield tag="880" ind1="0" ind2=" "><subfield code="6">700-06/</subfield><subfield code="a">ابو احمد ابن عبد الله الفراهى،</subfield><subfield code="e">ناسخ.</subfield></datafield><datafield tag="880" ind1="0" ind2=" "><subfield code="6">700-05/</subfield><subfield code="a">غازی قلی ارغون،</subfield><subfield code="e">ناسخ.</subfield></datafield><datafield tag="880" ind1="1" ind2="0"><subfield code="6">245-03/</subfield><subfield code="a">[هفت اورنگ,</subfield><subfield code="f">969ه، 1562م].</subfield></datafield><datafield tag="880" ind1="0" ind2=" "><subfield code="6">100-01/</subfield><subfield code="a">جامى.</subfield></datafield><datafield tag="CID" ind1=" " ind2=" "><subfield code="a">006814500</subfield></datafield><datafield tag="DAT" ind1="0" ind2=" "><subfield code="a">20190719102638.0</subfield><subfield code="b">20190719000000.0</subfield></datafield><datafield tag="DAT" ind1="1" ind2=" "><subfield code="a">20190719090653.0</subfield><subfield code="b">2019-07-19T16:12:03Z</subfield></datafield><datafield tag="DAT" ind1="2" ind2=" "><subfield code="a">2015-10-02T18:00:03Z</subfield></datafield><datafield tag="CAT" ind1=" " ind2=" "><subfield code="a">SDR-MIU</subfield><subfield code="d">EX LIBRIS - ALEPH</subfield><subfield code="l">prepare.pl-004-008</subfield></datafield><datafield tag="FMT" ind1=" " ind2=" "><subfield code="a">BK</subfield></datafield><datafield tag="HOL" ind1=" " ind2=" "><subfield code="0">sdr-miu006814500</subfield><subfield code="a">MiU</subfield><subfield code="b">SDR</subfield><subfield code="c">MIU</subfield><subfield code="p">mdp.39015079129063</subfield><subfield code="s">MIU</subfield><subfield code="1">006814500</subfield></datafield><datafield tag="974" ind1=" " ind2=" "><subfield code="b">MIU</subfield><subfield code="c">MIU</subfield><subfield code="d">20190719</subfield><subfield code="s">lit-dlps-dc</subfield><subfield code="u">mdp.39015079129063</subfield><subfield code="y">1562</subfield><subfield code="r">pd</subfield><subfield code="q">bib</subfield><subfield code="t">non-US bib date1 &lt; 1879</subfield></datafield></record></collection>